@misc{lamas,
    author = "Jared Wilber",
    title = "Monte-Carlo method (permutation test)", 
    year = "2019",
    url = "https://www.jwilber.me/permutationtest/"
}

@misc{cours,
    author = "Joseph Salmon",
    title = "Modèle linéaire avancé : Anova",
    year = "2019",
    url = "http://josephsalmon.eu/enseignement/Montpellier/HMMA307/Anova.pdf",
} 